@String { CIRA      = {IEEE Intl. Symp. on Computational Intelligence in Robotics and Automation (CIRA)} }
@String { CoC       = {College of Computing, Georgia Institute of Technology} }
@String { COMP      = {{IEEE} Trans. Computers} }
@String { CVE       = {ACM Intl. Conf. on Collaborative Virtual Environments (CVE)} }
@String { CVIU      = {Computer Vision and Image Understanding} }
@String { CVPR      = {IEEE Conf. on Computer Vision and Pattern Recognition (CVPR)} }
@String { ECAI      = {Eur. Conf. on AI (ECAI)} }
@String { ECC       = {European Control Conference} }
@String { ECCV      = {European Conf. on Computer Vision (ECCV)} }
@String { EPB       = {Environment and Planning B: Planning and Design} }
@String { FG        = {Intl. Conf. on Automatic Face and Gesture Recognition} }
@String { FOCS      = {Symp. on Foundations of Computer Science} }
@String { FSR       = {Field and Service Robotics (FSR)} }
@string { FTCGV 	= {Foundations and Trends in Computer Graphics and Vision}}
@String { FUSION    = {Intl. Conf. on Information Fusion, FUSION} }
@String { GECCO     = {Conf. on Genetic and Evolutionary Computation (GECCO)} }
@String { GCPR 	    = {German Conference on Pattern Recognition (GCPR)}}
@String { GMIP      = {CVGIP:Graphical Models and Image Processing} }
@String { GNC       = {AIAA Guidance, Navigation, and Control Conference} }
@String { IAPR      = {Intl. Conf. on Image Processing A} }
@String { ICASSP    = {Intl. Conf. Acoust., Speech, and Signal Proc. (ICASSP)} }
@String { ICCV      = {Intl. Conf. on Computer Vision (ICCV)} }
@String { ICFP      = {Intl. Conf. on Functional Programming (ICFP)} }
@String { ICIP      = {Intl. Conf. on Image Processing (ICIP)} }
@String { ICME      = {IEEE Intl. Conf. on Multimedia and Expo(ICME)} }
@String { ICML      = {Intl. Conf. on Machine Learning (ICML)} }
@String { ICPR      = {Intl. Conf. on Pattern Recognition (ICPR)} }
@String { ICRA      = {IEEE Intl. Conf. on Robotics and Automation (ICRA)} }
@String { ICTAI     = {Intl. Conf. on Tools with Artificial Intelligence (ICTAI)} }
@String { ieeepress = {IEEE Computer Society Press} }
@String { IJCAI     = {Intl. Joint Conf. on AI (IJCAI)} }
@String { IJCV      = {Intl. J. of Computer Vision} }
@String { IJRR      = {Intl. J. of Robotics Research} }
@String { IP        = {{IEEE} Trans. Image Processing} }
@String { IPSN      = {Intl. Sym. on Information Processing in Sensor Networks (IPSN)} }
@String { IROS      = {IEEE/RSJ Intl. Conf. on Intelligent Robots and Systems (IROS)} }
@String { ISAR      = {IEEE and ACM Intl. Sym. on Augmented Reality (ISAR)} }
@String { ISER      = {Intl. Sym. on Experimental Robotics (ISER)} }
@String { ISMAR     = {IEEE and ACM Intl. Sym. on Mixed and Augmented Reality (ISMAR)} }
@String { ISMR      = {Intl. Sym. on Mixed Reality (ISMR)} }
@String { ISRR      = {Proc. of the Intl. Symp. of Robotics Research (ISRR)} }
@String { ISWC      = {IEEE Intl. Sym. on Wearable Computers (ISWC)} }
@String { IT        = {{IEEE} Trans. Inform. Theory} }
@String { ITAC      = {{IEEE} Trans. Automat. Contr.} }
@String { IUW       = {DARPA Image Understanding Workshop (IUW)} }
@String { IV        = {IEEE Intelligent Vehicles Symposium (IV)} }
@String { IVC       = {Image and Vision Computing} }
@String { IVIS      = {IEEE Visualization} }
@String { JAIR      = {J. of Artificial Intelligence Research} }
@String { JASA      = {J. of the American Statistical Association} }
@String { JEPLMC    = {J. of Experimental Psychology: Learning,Memory, \& Cognition} }
@String { JFR       = {J. of Field Robotics} }
@String { JIF       = {Information Fusion} }
@String { JIRS      = {J. of Intelligent and Robotic Systems} }
@String { JMLR      = {J. of Machine Learning Research} }
@String { josaa     = {J. of the Optical Society of America A} }
@String { JPDC      = {J. of Parallel and Distributed Computing} }
@String { JVCIR     = {J. of Visual Communication and Image Representation} }
@String { KDD       = {Intl. Conf. Knowledge Discovery and Data Mining (KDD)} }
@String { kluwer    = {Kluwer} }
@String { MED       = {Mediterranean Conference on Control and Automation} }
@String { MIT       = {The MIT press, Cambridge, MA} }
@String { ML        = {Machine Learning} }
@String { MSC       = {Multiconference on Systems and Control} }
@String { NIPS      = {Advances in Neural Information Processing Systems (NIPS)} }
@String { PAMI      = {{IEEE} Trans. Pattern Anal. Machine Intell.} }
@String { PLANS     = {IEEE/ION Position Location and Navigation System (PLANS) Conference} }
@String { PR        = {Pattern Recognition} }
@String { PRL       = {Pattern Recognition Letters} }
@String { PVT       = {3D Data Processing Visualization and Transmission (3DPVT)} }
@String { RAS       = {Robotics and Autonomous Systems} }
@String { RoyalP    = {Proceedings of Royal Society of London} }
@String { RSS       = {Robotics: Science and Systems (RSS)} }
@String { RVS95     = {Representation of Visual Scenes} }
@String { SCL       = {Systems \& Control Letters} }
@String { SIAM      = {SIAM J. on Algebraic and Discrete Methods} }
@String { SIGGRAPH  = {SIGGRAPH} }
@String { SIGIR     = {ACM Special Interest Group on Information Retrieval} }
@String { SMC       = {{IEEE} Trans. Syst., Man, Cybern.} }
@String { SP        = {{IEEE} Trans. Signal Processing} }
@String { SPIE      = {Intl. Soc. Opt. Eng. (SPIE)} }
@String { springer  = {Springer Verlag} }
@String { SSRR      = {IEEE Intl. Conf. on Safety, Security and Rescue Robotics (SSRR)} }
@String { STOC      = {ACM Symp. on Theory of Computing (STOC)} }
@String { TAC       = {IEEE Transactions on Automatic Control} }
@String { tcs       = {Theoretical Computer Science} }
@String { TOG       = {ACM Trans. Graphics} }
@String { TRA       = {{IEEE} Trans. Robot. Automat.} }
@String { TRO       = {{IEEE} Trans. Robotics} }
@String { TSMCA     = {IEEE Transactions on Systems, Man, and Cybernetics, Part A} }
@String { UAI       = {Conf. on Uncertainty in Artificial Intelligence (UAI)} }
@String { WACV      = {IEEE Workshop on Applications of Computer Vision (WACV)} }
@String { Wiley     = {John Wiley \& Sons, New York, NY} }
@String {arXiv 		= {arXiv} }

@inproceedings{Dosovitskiy15cvpr,
	title={Flownet: Learning optical flow with convolutional networks},
	author={Dosovitskiy, Alexey and Fischer, Philipp and Ilg, Eddy and Hausser, Philip and Hazirbas, Caner and Golkov, Vladimir and Van Der Smagt, Patrick and Cremers, Daniel and Brox, Thomas},
	booktitle=CVPR,
	pages={2758--2766},
	year={2015}
}

// -----------------1.1----------------------------


// -----------------1.2----------------------------
@inproceedings{se3,
	title={Se3-nets: Learning rigid body motion using deep neural networks},
	author={Byravan, Arunkumar and Fox, Dieter},
	booktitle=ICRA,
	pages={173--180},
	year={2017}
}

@article{2014multiple,
	title={Multiple object recognition with visual attention},
	author={Ba, Jimmy and Mnih, Volodymyr and Kavukcuoglu, Koray},
	journal=ICLR,
	year={2015}
}

@inproceedings{2015spatial,
	title={Spatial transformer networks},
	author={Jaderberg, Max and Simonyan, Karen and Zisserman, Andrew and others},
	booktitle=NIPS,
	pages={2017--2025},
	year={2015}
}

@article{2017sfm,
	title={Sfm-net: Learning of structure and motion from video},
	author={Vijayanarasimhan, Sudheendra and Ricco, Susanna and Schmid, Cordelia and Sukthankar, Rahul and Fragkiadaki, Katerina},
	journal=arXiv,
	year={2017}
}

@inproceedings{geonet,
	title={Geonet: Unsupervised learning of dense depth, optical flow and camera pose},
	author={Yin, Zhichao and Shi, Jianping},
	booktitle=CVPR,
	pages={1983--1992},
	year={2018}
}

@inproceedings{unos,
	title={UnOS: Unified Unsupervised Optical-Flow and Stereo-Depth Estimation by Watching Videos},
	author={Wang, Yang and Wang, Peng and Yang, Zhenheng and Luo, Chenxu and Yang, Yi and Xu, Wei},
	booktitle=CVPR,
	pages={8071--8081},
	year={2019}
}

@inproceedings{bridging,
	title={Bridging Stereo Matching and Optical Flow via Spatiotemporal Correspondence},
	author={Lai, Hsueh-Ying and Tsai, Yi-Hsuan and Chiu, Wei-Chen},
	booktitle=CVPR,
	pages={1890--1899},
	year={2019}
}

// -----------------1.3----------------------------


// -----------------2.1----------------------------
@inproceedings{kinectFusion,
	title={Kinectfusion: Real-time dense surface mapping and tracking.},
	author={Newcombe, Richard A and Izadi, Shahram and Hilliges, Otmar and Molyneaux, David and Kim, David and Davison, Andrew J and Kohli, Pushmeet and Shotton, Jamie and Hodges, Steve and Fitzgibbon, Andrew W},
	booktitle=ISMAR,
	volume={11},
	number={2011},
	pages={127--136},
	year={2011}
}

@article{voxelHashing,
	title={Real-time 3D Reconstruction at Scale using Voxel Hashing},
	author={Nie{\ss}ner, Matthias and Zollh{\"o}fer, Michael and Izadi, Shahram and Stamminger, Marc},
	journal=TOG,
	volume={32},
	number={6},
	pages={169},
	year={2013},
	publisher={ACM}
}

@inproceedings{kintinuous,
	title={Kintinuous: Spatially Extended Kinectfusion},
	author={Whelan, T and Kaess, M and Fallon, MF and Johannsson, H and Leonard, JJ and Kintinuous, JBM},
	booktitle={RSS Workshop on RGB-D: Advanced Reasoning with Depth Cameras},
	year={2012}
}

@inproceedings{CPUmapping,
	title={Volumetric 3D mapping in real-time on a CPU},
	author={Steinbr{\"u}cker, Frank and Sturm, J{\"u}rgen and Cremers, Daniel},
	booktitle=ICRA,
	pages={2021--2028},
	year={2014},
	organization={IEEE}
}

@inproceedings{elasticFusion,
	title={ElasticFusion: Dense SLAM without a pose graph},
	author={Whelan, Thomas and Leutenegger, Stefan and Salas-Moreno, R and Glocker, Ben and Davison, Andrew},
	year={2015},
	organization= RSS
}

@inproceedings{keller13_3dv,
	title={Real-time 3d reconstruction in dynamic scenes using point-based fusion},
	author={Keller, Maik and Lefloch, Damien and Lambers, Martin and Izadi, Shahram and Weyrich, Tim and Kolb, Andreas},
	booktitle={International Conference on 3D Vision (3DV)},
	pages={1--8},
	year={2013},
	organization={IEEE}
}

@article{BaMVO,
	title={Effective background model-based RGB-D dense visual odometry in a dynamic environment},
	author={Kim, Deok-Hwa and Kim, Jong-Hwan},
	journal=TRO,
	volume={32},
	number={6},
	pages={1565--1573},
	year={2016},
	publisher={IEEE}
}

@inproceedings{staticFusion,
	title={StaticFusion: Background reconstruction for dense RGB-D SLAM in dynamic environments},
	author={Scona, Raluca and Jaimez, Mariano and Petillot, Yvan R and Fallon, Maurice and Cremers, Daniel},
	booktitle=ICRA,
	pages={1--9},
	year={2018},
	organization={IEEE}
}

// -----------------2.2----------------------------
@article{2017MixedFusion,
  title={MixedFusion: Real-time reconstruction of an indoor scene with dynamic objects},
  author={Zhang, Hao and Xu, Feng},
  journal={{IEEE} Trans. on visualization and computer graphics},
  volume={24},
  number={12},
  pages={3137--3146},
  year={2017}
}

@inproceedings{2015DynamicFusion,
  title={Dynamicfusion: Reconstruction and tracking of non-rigid scenes in real-time},
  author={Newcombe, Richard A and Fox, Dieter and Seitz, Steven M},
  booktitle=CVPR,
  pages={343--352},
  year={2015}
}

@inproceedings{2017Joint3D,
  title={Joint 3D reconstruction of a static scene and moving objects},
  author={Caccamo, Sergio and Ataer-Cansizoglu, Esra and Taguchi, Yuichi},
  booktitle=3DV,
	pages={677--685},
  year={2017}
}

@inproceedings{2017CoFusion,
  title={Co-fusion: Real-time segmentation, tracking and fusion of multiple objects},
  author={R{\"u}nz, Martin and Agapito, Lourdes},
  booktitle=ICRA,
  pages={4471--4478},
  year={2017}
}

@inproceedings{2018MaskFusion,
  title={Maskfusion: Real-time recognition, tracking and reconstruction of multiple moving objects},
  author={Runz, Martin and Buffier, Maud and Agapito, Lourdes},
  booktitle=ISMAR,
  pages={10--20},
  year={2018}
}

@inproceedings{2017MaskRCNN,
  title={Mask r-cnn},
  author={He, Kaiming and Gkioxari, Georgia and Doll{\'a}r, Piotr and Girshick, Ross},
  booktitle=ICCV,
	pages={2961--2969},
  year={2017}
}

@inproceedings{2019MIDFusion,
  title={Mid-fusion: Octree-based object-level multi-instance dynamic SLAM},
  author={Xu, Binbin and Li, Wenbin and Tzoumanikas, Dimos and Bloesch, Michael and Davison, Andrew and Leutenegger, Stefan},
  booktitle=ICRA,
  pages={5231--5237},
  year={2019}
}

// -----------------2.3----------------------------

